@BOOK{Goralski-cisco-juniper,
  title = {{Juniper and Cisco Routing: Policy and Protocols for Multivendor
	IP Networks}},
  publisher = {Wiley},
  year = {2004},
  editor = {Walter J. Goralski},
  bibsource = {DBLP, http://dblp.uni-trier.de},
  ee = {http://dx.doi.org/10.1016/j.comcom.2003.12.008},
  owner = {paag},
  timestamp = {2009.05.24}
}

@MISC{defcon16-bgp,
  author = {Anton Kapela and Alex Pilisov},
  month = {August},
  year = {2008},
  title = {{Stealing the Internet}},
  howpublished = {DefCon 16},
  url = {https://www.defcon.org/images/defcon-16/dc16-presentations/defcon-16-pilosov-kapela.pdf},
  owner = {paag},
  timestamp = {2009.02.26}
}

@TECHREPORT{ripe-200,
  author = {Antony Antony and Hank Uijterwaaly},
  title = {{Routing Information Service}},
  institution = {RIPE},
  year = {1999},
  type = {Design note},
  number = {RIPE-200},
  month = {October},
  abstract = {This document discusses the Routing Information Service (RIS), a project
	proposed as a new activity of the RIPE NCC in the RIPE NCC activity
	plan for 1999 and 2000. The document gives an overview of the project,
	discusses the implementation and mentions a couple of points that
	have to be addressed
	
	in future design documents. This document is intended to solicit input
	from interested parties.},
  owner = {paag},
  timestamp = {2009.06.13},
  url = {ftp://ftp.ripe.net/ripe/docs/ripe-200.pdf}
}

