@Article{ANASTASIA,
  author =	 {Anastasia, George},
  title =	 {Big Brother and the Bookie: how the feds turned
                  top-secret spy technology against the son of a Mafia
                  don--and made a low-level wiseguy into a poster boy
                  for the Fourth Amendment.},
  journal =	 {Mother Jones},
  year =	 2002,
  month =	 {January/Febuary},
  note =	 {http://www.motherjones.com/magazine/JF02/mafia.html}
}

@Article{ANASTASIA2,
  author =	 {Anastasia, George},
  title =	 {Scarfo's high-tech case ends with plea},
  journal =	 {The Philadelphia Inquirer},
  year =	 2002,
  month =	 {March},
  note =
                  {http://www.philly.com/mld/inquirer/news/local/2769774.htm},
  annote =	 {Received on November 3, 2002}
}

@TechReport{BENNETT,
  author =	 {Bennett, Larry D.},
  title =	 {Cryptographic Services - A Brief Overview},
  institution =	 {Sans Institute},
  year =	 2001,
  address =	 {http://rr.sans.org/encryption/crypto\_service.php},
  month =	 {October}
}

@Misc{CLEARY,
  author =	 {Cleary, Robert J.},
  title =	 {Brief of the United States in Opposition to
                  Defendant Scarfo's Pretrial Motions},
  howpublished = {http://www2.epic.org/crypto/scarfo/gov\_brief.pdf},
  month =	 {July},
  year =	 2001,
  note =	 {Retrieved November 3, 2002}
}

@TechReport{DULANY,
  author =	 {Dulany, Kevin M.},
  title =	 {Security, It's Not Just Technical},
  institution =	 {Sans Institute},
  year =	 2002,
  address =	 {http://rr.sans.org/policy/tech.php},
  month =	 {January}
}

@Misc{ESSER,
  author =	 {Esser, Randy},
  title =	 {NS-673},
  howpublished = {Classroom Lectures},
  month =	 {Fall Quarter},
  year =	 2002
}

@Article{FBI,
  author =	 {FBI Challenged},
  title =	 {FBI Challenged Over Cyber Spying},
  journal =	 {BBC News Online},
  year =	 2001,
  month =	 {July},
  note =	 {http://news.bbc.co.uk/1/low/sci/tech/1464483.stm},
  annote =	 {Received on November 3, 2002}
}

@Article{FBI2,
  author =	 {FBI Ordered},
  title =	 {FBI Ordered to Reveal Bugging Trick},
  journal =	 {BBC News Online},
  year =	 2001,
  month =	 {August},
  note =	 {http://news.bbc.co.uk/1/low/sci/tech/1480721.stm},
  annote =	 {Received on November 3, 2002}
}

@Misc{GALLAGHER,
  author =	 {Gallagher, Neil J.},
  title =	 {Affidavit of Neil J. Gallagher},
  howpublished =
                  {http://www2.epic.org/crypto/scarfo/gov\_aff\_cipa.pdf},
  month =	 {October},
  year =	 2001,
  note =	 {Received on November 3, 2002}
}

@Misc{GELMAN,
  author =	 {Gelman, Norris E. and Scoca, Vincent C.},
  title =	 {Defense Motion to Suppress Evidence Seized by the
                  Government Through the Use of a Keystroke Recorder},
  howpublished =
                  {http://www2.epic.org/crypto/scarfo/def\_supp\_mot.pdf},
  month =	 {June},
  year =	 2001,
  note =	 {Retrieved November 3, 2002}
}

@Misc{GELMAN2,
  author =	 {Gelman, Norris E. and Scoca, Vincent C.},
  title =	 {Defense Supplemental Brief},
  howpublished =
                  {http://www2.epic.org/crypto/scarfo/def\_supp\_brief.pdf},
  month =	 {August},
  year =	 2001,
  note =	 {Retrieved November 4, 2002}
}

@InCollection{GRABOW,
  author =	 {Grabow, Geoffrey C.},
  title =	 {Preserving Public Key Hierarchy},
  booktitle =	 {Information Security Management Handbook},
  publisher =	 {Auerbach Publications},
  year =	 2002,
  editor =	 {Tipton, Harold F. and Krause, Micki},
  volume =	 3,
  chapter =	 1,
  edition =	 {Fourth}
}

@TechReport{HARDIE,
  author =	 {Hardie, Darlene Hill},
  title =	 {PKI: What is this thing, really?},
  institution =	 {Sans Institute},
  year =	 2001,
  address =	 {www.sans.org},
  month =	 {May},
  note =	 {http://rr.sans.org/encryption/PKI2.php}
}

@TechReport{JACKOB,
  author =	 {Jackob, Melis},
  title =	 {History of Encryption},
  institution =	 {Sans Institute},
  year =	 2001,
  address =	 {www.sans.org},
  month =	 {August},
  note =	 {http://rr.sans.org/encryption/history.php}
}

@Misc{JOHNSTON,
  author =	 {Johnston, Paul},
  title =	 {Cryptography: RSA},
  howpublished = {http://www.pajhome.org.uk/crypt/rsa},
  month =	 {July},
  year =	 2002
}

@Article{KELLEY,
  author =	 {Kelley, Jack},
  title =	 {Terror Groups Behind Web Encryption},
  journal =	 {USA Today},
  year =	 2001,
  month =	 {Febuary},
  note =	 {www.usatoday.com}
}

@TechReport{KENNEDY,
  author =	 {Kennedy, Ellen},
  title =	 {Public Key Infrastructure (PKI) - 101},
  institution =	 {Sans Institute},
  year =	 2001,
  address =	 {www.sans.org},
  month =	 {March},
  note =	 {http://rr.sans.org/encryption/PKI\_101.php}
}

@TechReport{MCKINLEY,
  author =	 {McKinley, Barton},
  title =	 {The ABC's of PKI},
  institution =	 {Network World Fusion},
  year =	 2000,
  address =	 {http://www.nwfusion.com/research/2000/0117feat.html},
  month =	 {January},
  note =	 {Retrieved on November 6th, 2002}
}

@TechReport{MERRION,
  author =	 {Merrion, Sarah},
  title =	 {Rijndael---The Future of Encryption},
  institution =	 {Sans Institute},
  year =	 2000,
  address =	 {http://rr.sans.org/encryption/rijndael.php},
  month =	 {November}
}

@InCollection{MYERSON,
  author =	 {Myerson, Judith M.},
  title =	 {Biometrics: What Is New?},
  booktitle =	 {Information Security Management Handbook},
  publisher =	 {Auerbach Publications},
  year =	 2002,
  editor =	 {Tipton, Harold F. and Krause, Micki},
  volume =	 3,
  chapter =	 1,
  edition =	 {Fourth}
}

@Book{PFLEEGER,
  author =	 {Pfleeger, Charles P.},
  editor =	 {Becker, Paul W.},
  title =	 {Security in Computing},
  publisher =	 {Prentice Hall},
  year =	 1997,
  address =	 {Upper Saddle River, NJ 07458},
  edition =	 {Second}
}

@Misc{POLITAN,
  author =	 {Politan, Nicholas H.},
  title =	 {Opinion and Order - U.S. v. Scarfo},
  howpublished = {http://www2.epic.org/crypto/scarfo/opinion.html},
  month =	 {December},
  year =	 2001,
  annote =	 {Received on November 3, 2002}
}

@Article{PROPHET,
  author =	 {Prophet, The},
  title =	 {A New Era of Telecommunications Surveillance},
  journal =	 {2600: The Hacker Quarterly},
  year =	 2002,
  volume =	 {Nineteen},
  number =	 {Two},
  pages =	 {pp. 23-25},
  month =	 {Summer Quarter}
}

@TechReport{PYON,
  author =	 {Pyon, Roger},
  title =	 {Interoperability in PKI},
  institution =	 {Sans Institute},
  year =	 2001,
  address =	 {www.sans.org},
  month =	 {July},
  note =	 {http://rr.sans.org/encryption/interop.php}
}

@Misc{RANDALL,
  author =	 {Murch, Randall S.},
  title =	 {Affidavit of Randall S. Murch},
  howpublished = {http://www2.epic.org/crypto/scarfo/murch\_aff.pdf},
  month =	 {October},
  year =	 2001,
  note =	 {Received on November 3, 2002}
}

@Book{RUSSELL,
  author =	 {Russell, Deborah and Gangemi Sr., G.T.},
  editor =	 {Russell, Deborah},
  title =	 {Computer Security Basics},
  publisher =	 {O'Reilly \& Associates, Inc.},
  year =	 1991
}

@Book{SCHNEIER,
  author =	 {Schneier, Bruce},
  editor =	 {Sutherland, Phil},
  title =	 {Applied Cryptography: Protocols, Algorithms, and
                  Source Code in C},
  publisher =	 {John Wiley \& Sons, Inc.},
  year =	 1996,
  address =	 {www.wiley.com},
  edition =	 {Second}
}

@Book{SINGH,
  author =	 {Singh, Simon},
  title =	 {The Code Book: The Science of Secrecy from Ancient
                  Egypt to Quantum Cryptography},
  publisher =	 {Anchor Books},
  year =	 1999,
  address =	 {www.anchorbooks.com},
  edition =	 {First}
}

@Misc{WEBBER,
  author =	 {Webber, Allan},
  title =	 {Nostradamus Prophecies: Computer Analysis},
  howpublished = {http://members.tripod.com/AlynPtyLtd/},
  month =	 {March},
  year =	 2002
}

