@article{known,
   author = {A. Known and G. K{\"o}nig},
   title = {Fast reactions in LaTeX conversion},
   journal = {J Nonreproducible Results},
   volume = {24},
   pages = {319--34},
   year = {1978},
}
@article{known2,
   author = {A. Known and B. Betterknown},
   title = {Fast reactions in LaTeX conversion, a reprise},
   journal = {J Nonreproducible Results},
   volume = {34},
   pages = {119--34},
   year = {1979},
}
@article{known3,
   author = {A. Knšwn and B. Betterknown},
   title = {Fast reactions in LaTeX conversion, a reprise},
   journal = {J Nonreproducible Results},
   volume = {34},
   pages = {119--34},
   year = {1979},
}
@article{known4,
   author = {B. Known and B. Betterknown},
   title = {Fast reactions in LaTeX conversion, a reposte},
   journal = {J Nonreproducible Results},
   volume = {34},
   pages = {119--34},
   year = {1979},
}
@article{known5,
   author = {C. Known and B. Betterknown},
   title = {Fast reactions in LaTeX conversion, a remise},
   journal = {J Nonreproducible Results},
   volume = {34},
   pages = {119--34},
   year = {1979},
}
@article{known6,
   author = {D. Known and B. Betterknown},
   title = {Fast reactions in LaTeX conversion, a stop hit},
   journal = {J Nonreproducible Results},
   volume = {34},
   pages = {119--34},
   year = {1979},
}
