@article{art1,
author="First Last",
title="A fictitious journal article",
year=1900,
journal="Journal of nothingness",
volume=2,
pages="1-2"}

@book{boo1,
author="Respectable Writer",
title="A silly book",
year=2000,
publisher="PublishCo",
address="Somewhere"}
