@ARTICLE(warren&gibson&russell2009,
	AUTHOR = "Ben Warren and Gabriella Gibson and Ian J. Russell",
	TITLE = "Sex Recognition through Midflight Mating Duets in \emph{Culex} Mosquitoes Is Mediated by Acoustic Distortion",
	YEAR = 2009,
	JOURNAL = "Curr. Biol.", VOLUME = 19, PAGES = "485-491")
