@Book{		  floo-comp,
  editor	= {Gavin Flood},
  title		= {{The Blackwell Companion to Hinduism}},
  publisher	= {Blackwell},
  year		= 2003,
  address	= {Oxford},
  isbn		= {0-631-21535-2}
}

@Book{		  zysk-conj,
  author	= {Kenneth G. Zysk},
  title		= {Conjugal Love in {India}},
  year		= 2002,
  publisher	= {Brill},
  address	= {Leiden},
  volume	= 1,
  series	= {Sir Henry Wellcome Asian Series},
  annote	= {http://www.brill.nl/m\_catalogue\_sub6\_id10452.htm},
  isbn		= {90 04 12598 1}
}

@Book{		  ping-cata,
  author	= {David Pingree},
  title		= {Catalogue of Jyoti\d{s}a Manuscripts in the Wellcome
		  Library. Sanskrit Astral and Mathematical Literature},
  year		= 2004,
  publisher	= {Brill},
  address	= {Leiden},
  volume	= 2,
  series	= {Sir Henry Wellcome Asian Series}
}

